@article{sgroi2000formal,
  title={Formal models for embedded system design},
  author={Sgroi, Marco and Lavagno, Luciano and Sangiovanni-Vincentelli, Alberto},
  journal={IEEE Design \& Test of Computers},
  volume={17},
  number={2},
  pages={14--27},
  year={2000},
  publisher={IEEE}
}

@article{edwards2001design,
	title={Design of embedded systems: Formal models, validation, and synthesis},
	author={Edwards, Stephen and Lavagno, Luciano and Lee, Edward A and Sangiovanni-Vincentelli, Alberto},
	journal={Readings in hardware/software co-design},
	volume={86},
	year={2001},
	publisher={Kluwer Academic Publishers, Norwell, MA, USA}
}

@inproceedings{mokhov2008verification,
	title={Verification of conditional partial order graphs},
	author={Mokhov, Andrey and Yakovlev, Alex},
	booktitle={Application of Concurrency to System Design, 2008. ACSD 2008. 8th International Conference on},
	pages={128--137},
	year={2008},
	organization={IEEE}
}

@article{peterson1981petri,
	title={Petri net theory and the modeling of systems},
	author={Peterson, James L},
	year={1981},
	publisher={Prentice Hall PTR}
}

@phdthesis{nowick1993automatic,
	title={Automatic synthesis of burst-mode asynchronous controllers},
	author={Nowick, Steven Mark}
}

@book{hoare1985communicating,
	title={Communicating sequential processes},
	author={Hoare, Charles Antony Richard and others},
	volume={178},
	year={1985},
	publisher={Prentice-hall Englewood Cliffs}
}

@article{kaufmann2004some,
	title={Some key research problems in automated theorem proving for hardware and software verification.},
	author={Kaufmann, Matt and Moore, J Strother},
	journal={RACSAM},
	volume={98},
	number={1},
	pages={181--195},
	year={2004}
}

@inproceedings{babin2016correct,
	title={Correct instantiation of a system reconfiguration pattern: a proof and refinement-based approach},
	author={Babin, Guillaume and Ait-Ameur, Yamine and Pantel, Marc},
	booktitle={2016 IEEE 17th International Symposium on High Assurance Systems Engineering (HASE)},
	pages={31--38},
	year={2016},
	organization={IEEE}
}

@article{mokhov2010conditional,
	title={Conditional partial order graphs: Model, synthesis, and application},
	author={Mokhov, Andrey and Yakovlev, Alex},
	journal={IEEE Transactions on Computers},
	volume={59},
	number={11},
	pages={1480--1493},
	year={2010},
	publisher={IEEE}
}

@article{woodcock2009formal,
	title={Formal methods: Practice and experience},
	author={Woodcock, Jim and Larsen, Peter Gorm and Bicarregui, Juan and Fitzgerald, John},
	journal={ACM computing surveys (CSUR)},
	volume={41},
	number={4},
	pages={19},
	year={2009},
	publisher={ACM}
}

@article{clarke1996formal,
	title={Formal methods: State of the art and future directions},
	author={Clarke, Edmund M and Wing, Jeannette M},
	journal={ACM Computing Surveys (CSUR)},
	volume={28},
	number={4},
	pages={626--643},
	year={1996},
	publisher={ACM}
}

@ARTICLE{5389515,
	author={A. Kuehlmann and A. Srinivasan and D. P. LaPotin},
	journal={IBM Journal of Research and Development},
	title={Verity #x2014;A formal verification program for custom CMOS circuits},
	year={1995},
	volume={39},
	number={1.2},
	pages={149-165},
	doi={10.1147/rd.391.0149},
	ISSN={0018-8646},
	month={Jan},}

@Inbook{Clarke1996,
	author="Clarke, E. M.
	and German, S. M.
	and Zhao, X.",
	editor="Alur, Rajeev
	and Henzinger, Thomas A.",
	title="Verifying the SRT division algorithm using theorem proving techniques",
	bookTitle="Computer Aided Verification: 8th International Conference, CAV '96 New Brunswick, NJ, USA, July 31-- August 3, 1996 Proceedings",
	year="1996",
	publisher="Springer Berlin Heidelberg",
	address="Berlin, Heidelberg",
	pages="111--122",
	isbn="978-3-540-68599-9",
	doi="10.1007/3-540-61474-5_62",
	url="http://dx.doi.org/10.1007/3-540-61474-5_62"
}

@article{quinn2013fault,
	title={Fault simulation and emulation tools to augment radiation-hardness assurance testing},
	author={Quinn, Heather M and Black, Dolores A and Robinson, William H and Buchner, Stephen P},
	journal={IEEE Transactions on Nuclear Science},
	volume={60},
	number={3},
	pages={2119--2142},
	year={2013},
	publisher={IEEE}
}

@inproceedings{mokhov2008conditional,
	title={Conditional partial order graphs and dynamically reconfigurable control synthesis},
	author={Mokhov, Andrey and Yakovlev, Alex},
	booktitle={Proceedings of the conference on Design, automation and test in Europe},
	pages={1142--1147},
	year={2008},
	organization={ACM}
}

@inproceedings{de2015heuristic,
	title={A heuristic algorithm for deriving compact models of processor instruction sets},
	author={de Gennaro, Alessandro and Stankaitis, Paulius and Mokhov, Andrey},
	booktitle={Application of Concurrency to System Design (ACSD), 2015 15th International Conference on},
	pages={100--109},
	year={2015},
	organization={IEEE}
}

@Inbook{Babin2016,
	author="Babin, Guillaume
	and A{\"i}t-Ameur, Yamine
	and Singh, Neeraj Kumar
	and Pantel, Marc",
	editor="Ogata, Kazuhiro
	and Lawford, Mark
	and Liu, Shaoying",
	title="A System Substitution Mechanism for Hybrid Systems in Event-B",
	bookTitle="Formal Methods and Software Engineering: 18th International Conference on Formal Engineering Methods, ICFEM 2016, Tokyo, Japan, November 14-18, 2016, Proceedings",
	year="2016",
	publisher="Springer International Publishing",
	address="Cham",
	pages="106--121",
	isbn="978-3-319-47846-3",
	doi="10.1007/978-3-319-47846-3_8",
	url="http://dx.doi.org/10.1007/978-3-319-47846-3_8"
}

@inproceedings{calinescu2010formal,
	title={Formal methods@ runtime},
	author={Calinescu, Radu and Kikuchi, Shinji},
	booktitle={Monterey Workshop},
	pages={122--135},
	year={2010},
	organization={Springer}
}

@article{DBLP:journals/corr/BhattacharyyaMP16,
	author    = {Anirban Bhattacharyya and
	Andrey Mokhov and
	Ken Pierce},
	title     = {An Empirical Comparison of Formalisms for Modelling and Analysis of
	Dynamic Reconfiguration of Dependable Systems},
	journal   = {CoRR},
	volume    = {abs/1609.08531},
	year      = {2016},
	url       = {http://arxiv.org/abs/1609.08531},
	timestamp = {Mon, 03 Oct 2016 17:51:10 +0200},
	biburl    = {http://dblp.uni-trier.de/rec/bib/journals/corr/BhattacharyyaMP16},
	bibsource = {dblp computer science bibliography, http://dblp.org}
}

@inproceedings{Weyns:2012:SFM:2347583.2347592,
	author = {Weyns, Danny and Iftikhar, M. Usman and de la Iglesia, Didac Gil and Ahmad, Tanvir},
	title = {A Survey of Formal Methods in Self-adaptive Systems},
	booktitle = {Proceedings of the Fifth International C* Conference on Computer Science and Software Engineering},
	series = {C3S2E '12},
	year = {2012},
	isbn = {978-1-4503-1084-0},
	location = {Montreal, Quebec, Canada},
	pages = {67--79},
	numpages = {13},
	url = {http://doi.acm.org/10.1145/2347583.2347592},
	doi = {10.1145/2347583.2347592},
	acmid = {2347592},
	publisher = {ACM},
	address = {New York, NY, USA},
	keywords = {self-adaptive systems, systematic literature review},
} 

@inproceedings{kikuchi2010configuration,
	title={Configuration procedure synthesis for complex systems using model finder},
	author={Kikuchi, Shinji and Tsuchiya, Satoshi},
	booktitle={Engineering of Complex Computer Systems (ICECCS), 2010 15th IEEE International Conference on},
	pages={95--104},
	year={2010},
	organization={IEEE}
}

@inproceedings{singh1999formal,
	title={Formal verification of reconfigurable cores},
	author={Singh, Satnam and Lillieroth, Carl Johan},
	booktitle={Field-Programmable Custom Computing Machines, 1999. FCCM'99. Proceedings. Seventh Annual IEEE Symposium on},
	pages={25--32},
	year={1999},
	organization={IEEE}
}









